<?xml version="1.0" encoding="UTF-8"?><record xmlns="http://www.loc.gov/MARC21/slim" xmlns:cinclude="http://apache.org/cocoon/include/1.0" xmlns:zs="http://www.loc.gov/zing/srw/">
  <leader>00653cz  a2200157n  4500</leader>
  <controlfield tag="001">n  85298853 </controlfield>
  <controlfield tag="003">DLC</controlfield>
  <controlfield tag="005">19901211103446.7</controlfield>
  <controlfield tag="008">861114n| acannaab|          |a aaa |||  </controlfield>
  <datafield tag="010" ind1=" " ind2=" ">
    <subfield code="a">n  85298853 </subfield>
  </datafield>
  <datafield tag="040" ind1=" " ind2=" ">
    <subfield code="a">DLC</subfield>
    <subfield code="c">DLC</subfield>
    <subfield code="d">CU</subfield>
  </datafield>
  <datafield tag="100" ind1="1" ind2="0">
    <subfield code="a">p'Chong, Lubwa,</subfield>
    <subfield code="d">1946-</subfield>
  </datafield>
  <datafield tag="400" ind1="1" ind2="0">
    <subfield code="a">p'Chong, Cliff Lubwa,</subfield>
    <subfield code="d">1946-</subfield>
  </datafield>
  <datafield tag="670" ind1=" " ind2=" ">
    <subfield code="a">His The minister's wife, 1983:</subfield>
    <subfield code="b">t.p. (Lubwa p'Chong) p. 4 of cover (lecturer &amp; head of English, National Teachers' Coll., Kyambogo)</subfield>
  </datafield>
  <datafield tag="670" ind1=" " ind2=" ">
    <subfield code="a">His Words of my groaning, 1976:</subfield>
    <subfield code="b">t.p. (Cliff Lubwa-p'Chong) p. 4 of cover (b. 1946, Northern Uganda; actor, poet &amp; playwright)</subfield>
  </datafield>
  <datafield tag="670" ind1=" " ind2=" ">
    <subfield code="a">LC data base, 11/10/86</subfield>
    <subfield code="b">(hdg.: p'Chong, Lubwa, 1946- )</subfield>
  </datafield>
</record>